% the terms like handout and texTemp are the unique identifiers you use to cite the item in your paper

@published{HMAC_RFID,
 author   = {He Lei; Lu Xin-mei; Jin Song-he; Cai Zeng-yu},
 title    = {Informatics in Control, Automation and Robotics (CAR)}.
 year     = {2010},
 month    = {March},
 annote   = {A one-way Hash based low-cost authentication protocol with forward security in RFID system},
}

@published{SEEC,
 author   = {Li Ning; Lin Kanfeng; Lin Wenliang; Deng Zhongliang},
 title    = {Informatics in Control, Automation and Robotics (CAR)}.
 year     = {2014},
 month    = {March},
 annote   = {A joint encryption and error correction method used in satellite communications},
}

@misc{IP_Protocol,   
 title   = {Authenticate IP Protocol},
 url     = {https://crypto.stackexchange.com/questions/2414/is-this-authenticated-one-way-communication-protocol-secure},
 annote  = {How to authenticate IP Packets},
}

@unpublished{TweetNaClPaper,
 author   = {Daniel J. Bernstein, Bernard van Gastel, Wesley Janssen, Tanja Lange, Peter Schwabe, and Sjaak Smetsers},
 title    = {TweetNaCl: a crypto library in 100 tweets}.
 year     = {2014},
 month    = {September},
 day      = {17},
 url      = {http://tweetnacl.cr.yp.to/papers.html},
 annote   = {Paper on TweetNaCl's construction},
}

@unpublished{NaClSiteAuth,
 author   = {Daniel J. Bernstein, Tanja Lange, and Peter Schwabe},
 title    = {Secret-key message authentication: crypto\_auth},
 year     = {2010},
 month    = {August},
 day      = {30},
 url      = {http://nacl.cr.yp.to/auth.html},
 annote   = {NaCl library documentation on HMAC\-SHA512\-256},
}

@unpublished{NaClSiteOneTimeAuth,
 author   = {Daniel J. Bernstein, Tanja Lange, and Peter Schwabe},
 title    = {Secret-key single-message authentication: crypto\_onetimeauth},
 year     = {2010},
 month    = {August},
 day      = {30},
 url      = {http://nacl.cr.yp.to/onetimeauth.html},
 annote   = {NaCl library documentation on one-time authentication},
}

@unpublished{NaClSiteStream,
 author   = {Daniel J. Bernstein, Tanja Lange, and Peter Schwabe},
 title    = {Secret-key encryption: crypto stream},
 year     = {2010},
 month    = {August},
 day      = {30},
 url      = {http://nacl.cr.yp.to/stream.html},
 annote   = {NaCl library documentation on xsalsa20 stream cipher},
}

@unpublished{NaClSiteHash,
 author   = {Daniel J. Bernstein, Tanja Lange, and Peter Schwabe},
 title    = {Hashing: crypto\_hash},
 year     = {2010},
 month    = {August},
 day      = {30},
 url      = {http://nacl.cr.yp.to/hash.html},
 annote   = {NaCl library documentation on SHA-512},
}

@unpublished{PBKDF2Standard,
 author   = {B. Kaliski},
 title    = {PKCS \#5: Password-Based Cryptography Specification},
 year     = {2000},
 month    = {September},
 url      = {https://www.ietf.org/rfc/rfc2898.txt},
 annote   = {Republication of PKCS \#5 v2.0 from RSA
   Laboratories' Public\-Key Cryptography Standards (PKCS) series including PBKDF2},
}
@misc{NaCl,   
 title   = {NaCl Crypto Library},
 url     = {http://nacl.cr.yp.to/},
 annote  = {NaCl Crypto Library Information},
}

@misc{CyaSSL,   
 title   = {CyaSSL Crypto Library},
 url     = {http://www.yassl.com/yaSSL/Products-cyassl.html},
 annote  = {CyaSSL Information},
}

@misc{stream_problems,   
 title   = {A Study of Cryptography for Satelite Applications},
 url     = {http://www.slideshare.net/mannurajesh/a-study-of-cryptography-for-satellite-applications},
 annote  = {Information on why stream ciphers cause issues for satelites.},
}
@misc{PolySat,   
 title   = {PolySat},
 url     = {http://polysat.calpoly.edu/},
 annote  = {Information on PolySat},
}

@misc{CubeSat,   
 title   = {CubeSat},
 url     = {http://www.cubesat.org/},
 annote  = {Information on CubeSat},
}
@misc{AX25,   
 title   = {AX.25 Amateur Packet-Radio Link-Layer Protocol},
 url     = {https://www.tapr.org/pub_ax25.html},
 annote  = {Information on AX25},
}

@misc{GCCOP,   
 title   = {Options That Control Optimization},
 url     = {https://gcc.gnu.org/onlinedocs/gcc/Optimize-Options.html},
 annote  = {Different optimizations for GCC},
}
